@misc{ref1,
  author = {OndaC},
  year = {2024},
  title = {Artículo en portal OndaC},
  howpublished = {\url{https://portal.ondac.com/601/w3-article-161793.html}},
  note = {Disponible en: \url{https://portal.ondac.com/601/w3-article-161793.html}}
}

@misc{ref2,
  author = {OndaC},
  year = {2024},
  title = {Artículo en portal OndaC},
  howpublished = {\url{https://portal.ondac.com/601/w3-article-61490.html}},
  note = {Disponible en: \url{https://portal.ondac.com/601/w3-article-61490.html}}
}

@misc{ref3,
  author = {OndaC},
  year = {2024},
  title = {Artículo en portal OndaC},
  howpublished = {\url{https://portal.ondac.com/601/w3-article-170461.html}},
  note = {Disponible en: \url{https://portal.ondac.com/601/w3-article-170461.html}}
}

@misc{ref4,
  author = {OndaC},
  year = {2024},
  title = {Propiedad en portal OndaC},
  howpublished = {\url{https://portal.ondac.com/601/w3-propertyvalue-122724.html}},
  note = {Disponible en: \url{https://portal.ondac.com/601/w3-propertyvalue-122724.html}}
}

@misc{ref5,
  author = {Studocu},
  year = {2024},
  title = {Manual de rendimiento de mano de obra},
  howpublished = {\url{https://www.studocu.com/cl/document/universidad-catolica-del-maule/construccion/manual-de-rendimiento-de-mano-de-obra/99346579}},
  note = {Disponible en: \url{https://www.studocu.com/cl/document/universidad-catolica-del-maule/construccion/manual-de-rendimiento-de-mano-de-obra/99346579}}
}

@misc{ref6,
  author = {Cartagena99},
  year = {2024},
  title = {Catálogo de rendimientos de mano de obra},
  howpublished = {\url{https://www.cartagena99.com/recursos/matematicas/apuntes/CATALOGO_DE_RENDIMIENTOS_DE_MANO_DE_OBRA.pdf}},
  note = {Disponible en: \url{https://www.cartagena99.com/recursos/matematicas/apuntes/CATALOGO_DE_RENDIMIENTOS_DE_MANO_DE_OBRA.pdf}}
}

@misc{ref7,
  author = {Cámara Chilena de la Construcción (CChC)},
  year = {2024},
  title = {Página principal},
  howpublished = {\url{https://cchc.cl/}},
  note = {Disponible en: \url{https://cchc.cl/}}
}

@misc{ref8,
  author = {OndaC},
  year = {2024},
  title = {Artículo en portal OndaC},
  howpublished = {\url{https://portal.ondac.com/601/w3-article-160891.html}},
  note = {Disponible en: \url{https://portal.ondac.com/601/w3-article-160891.html}}
}

@misc{ondac_article_161909,
  author = {OndaC},
  year = {2024},
  title = {Article title or brief description},
  howpublished = {\url{https://portal.ondac.com/601/w3-article-161909.html}},
  note = {Disponible en: \url{https://portal.ondac.com/601/w3-article-161909.html}}
}

@misc{ondac_article_165862,
  author = {OndaC},
  year = {2024},
  title = {Article title or brief description},
  howpublished = {\url{https://portal.ondac.com/601/w3-article-165862.html}},
  note = {Disponible en: \url{https://portal.ondac.com/601/w3-article-165862.html}}
}

@misc{ondac_article_61489,
  author = {OndaC},
  year = {2024},
  title = {Article title or brief description},
  howpublished = {\url{https://portal.ondac.com/601/w3-article-61489.html}},
  note = {Disponible en: \url{https://portal.ondac.com/601/w3-article-61489.html}}
}

@misc{ondac_article_161792,
  author = {OndaC},
  year = {2024},
  title = {Article title or brief description},
  howpublished = {\url{https://portal.ondac.com/601/w3-article-161792.html}},
  note = {Disponible en: \url{https://portal.ondac.com/601/w3-article-161792.html}}
}

@misc{ondac_article_169382,
  author = {OndaC},
  year = {2024},
  title = {Article title or brief description},
  howpublished = {\url{https://portal.ondac.com/601/w3-article-169382.html}},
  note = {Disponible en: \url{https://portal.ondac.com/601/w3-article-169382.html}}
}

@misc{ondac_article_161589,
  author = {OndaC},
  year = {2024},
  title = {Article title or brief description},
  howpublished = {\url{https://portal.ondac.com/601/w3-article-161589.html}},
  note = {Disponible en: \url{https://portal.ondac.com/601/w3-article-161589.html}}
}

@misc{aridos_base_cbr,
  author = {Aridos Madesal},
  year = {2024},
  title = {Base estabilizada CBR 80},
  howpublished = {\url{https://aridosmadesal.cl/producto/base-estabilizada-cbr-80-r/}},
  note = {Disponible en: \url{https://aridosmadesal.cl/producto/base-estabilizada-cbr-80-r/}}
}

@misc{ondac_article_161659,
  author = {OndaC},
  year = {2024},
  title = {Article title or brief description},
  howpublished = {\url{https://portal.ondac.com/601/w3-article-161659.html}},
  note = {Disponible en: \url{https://portal.ondac.com/601/w3-article-161659.html}}
}

@misc{ondac_article_64794,
  author = {OndaC},
  year = {2024},
  title = {Article title or brief description},
  howpublished = {\url{https://portal.ondac.com/601/w3-article-64794.html}},
  note = {Disponible en: \url{https://portal.ondac.com/601/w3-article-64794.html}}
}

@misc{ondac_article_161588,
  author = {OndaC},
  year = {2024},
  title = {Article title or brief description},
  howpublished = {\url{https://portal.ondac.com/601/w3-article-161588.html}},
  note = {Disponible en: \url{https://portal.ondac.com/601/w3-article-161588.html}}
}

@misc{ondac_article_92694,
  author = {OndaC},
  year = {2024},
  title = {Article title or brief description},
  howpublished = {\url{https://portal.ondac.com/601/w3-article-92694.html}},
  note = {Disponible en: \url{https://portal.ondac.com/601/w3-article-92694.html}}
}

@misc{ondac_article_64795,
  author = {OndaC},
  year = {2024},
  title = {Article title or brief description},
  howpublished = {\url{https://portal.ondac.com/601/w3-article-64795.html}},
  note = {Disponible en: \url{https://portal.ondac.com/601/w3-article-64795.html}}
}

@misc{ondac_article_161791,
  author = {OndaC},
  year = {2024},
  title = {Article title or brief description},
  howpublished = {\url{https://portal.ondac.com/601/w3-article-161791.html}},
  note = {Disponible en: \url{https://portal.ondac.com/601/w3-article-161791.html}}
}

@misc{ondac_article_161590,
  author = {OndaC},
  year = {2024},
  title = {Article title or brief description},
  howpublished = {\url{https://portal.ondac.com/601/w3-article-161590.html}},
  note = {Disponible en: \url{https://portal.ondac.com/601/w3-article-161590.html}}
}

@misc{ondac_article_172694,
  author = {OndaC},
  year = {2024},
  title = {Article title or brief description},
  howpublished = {\url{https://portal.ondac.com/601/w3-article-172694.html}},
  note = {Disponible en: \url{https://portal.ondac.com/601/w3-article-172694.html}}
}

@misc{cesmec_2010,
  author = {CESMEC},
  year = {2010},
  title = {Documento de referencia},
  howpublished = {\url{https://www.cesmec.cl/medios/DIC/Documentos/VOL_5_DIC_2010.pdf}},
  note = {Disponible en: \url{https://www.cesmec.cl/medios/DIC/Documentos/VOL_5_DIC_2010.pdf}}
}
